@article{Silvestri:2011ch,
    author = "Silvestri, Alessandra",
    title = "{Scalar radiation from Chameleon-shielded regions}",
    eprint = "1103.4013",
    archivePrefix = "arXiv",
    primaryClass = "astro-ph.CO",
    doi = "10.1103/PhysRevLett.106.251101",
    journal = "Phys. Rev. Lett.",
    volume = "106",
    pages = "251101",
    year = "2011"
}

@article{Brax:2012gr,
    author = "Brax, Philippe and Davis, Anne-Christine and Li, Baojiu and Winther, Hans A.",
    title = "{A Unified Description of Screened Modified Gravity}",
    eprint = "1203.4812",
    archivePrefix = "arXiv",
    primaryClass = "astro-ph.CO",
    doi = "10.1103/PhysRevD.86.044015",
    journal = "Phys. Rev. D",
    volume = "86",
    pages = "044015",
    year = "2012"
}

@article{Hinterbichler:2010es,
    author = "Hinterbichler, Kurt and Khoury, Justin",
    title = "{Symmetron Fields: Screening Long-Range Forces Through Local Symmetry Restoration}",
    eprint = "1001.4525",
    archivePrefix = "arXiv",
    primaryClass = "hep-th",
    doi = "10.1103/PhysRevLett.104.231301",
    journal = "Phys. Rev. Lett.",
    volume = "104",
    pages = "231301",
    year = "2010"
}

@article{Hinterbichler:2011ca,
    author = "Hinterbichler, Kurt and Khoury, Justin and Levy, Aaron and Matas, Andrew",
    title = "{Symmetron Cosmology}",
    eprint = "1107.2112",
    archivePrefix = "arXiv",
    primaryClass = "astro-ph.CO",
    doi = "10.1103/PhysRevD.84.103521",
    journal = "Phys. Rev. D",
    volume = "84",
    pages = "103521",
    year = "2011"
}

@article{Brax:2013uh,
    author = "Brax, Philippe and Davis, Anne-Christine and Sakstein, Jeremy",
    title = "{Pulsar Constraints on Screened Modified Gravity}",
    eprint = "1301.5587",
    archivePrefix = "arXiv",
    primaryClass = "gr-qc",
    doi = "10.1088/0264-9381/31/22/225001",
    journal = "Class. Quant. Grav.",
    volume = "31",
    pages = "225001",
    year = "2014"
}

@article{Fabry_2022, 
    doi = {10.1051/0004-6361/202243094},
    url = {https://doi.org/10.1051\%2F0004-6361\%2F202243094}, 
    year = 2022, month = {mar}, publisher = {{EDP} Sciences}, 
    author = {M. Fabry and P. Marchant and H. Sana}, 
    title = {Modeling overcontact binaries. I. The effect of tidal deformation},
    journal = {Astronomy {\&} Astrophysics} 
}

@article{Khoury:2004,
  title = {Chameleon Fields: Awaiting Surprises for Tests of Gravity in Space},
  author = {Khoury, Justin and Weltman, Amanda},
  journal = {Phys. Rev. Lett.},
  volume = {93},
  issue = {17},
  pages = {171104},
  numpages = {4},
  year = {2004},
  month = {Oct},
  publisher = {American Physical Society},
  doi = {10.1103/PhysRevLett.93.171104},
  url = {https://link.aps.org/doi/10.1103/PhysRevLett.93.171104}
}

@article{Joyce:2014kja,
    author = "Joyce, Austin and Jain, Bhuvnesh and Khoury, Justin and Trodden, Mark",
    title = "{Beyond the Cosmological Standard Model}",
    eprint = "1407.0059",
    archivePrefix = "arXiv",
    primaryClass = "astro-ph.CO",
    doi = "10.1016/j.physrep.2014.12.002",
    journal = "Phys. Rept.",
    volume = "568",
    pages = "1--98",
    year = "2015"
}

@article{Silvestri:2009hh,
    author = "Silvestri, Alessandra and Trodden, Mark",
    title = "{Approaches to Understanding Cosmic Acceleration}",
    eprint = "0904.0024",
    archivePrefix = "arXiv",
    primaryClass = "astro-ph.CO",
    doi = "10.1088/0034-4885/72/9/096901",
    journal = "Rept. Prog. Phys.",
    volume = "72",
    pages = "096901",
    year = "2009"
}

@article{Burrage:2017qrf,
    author = "Burrage, Clare and Sakstein, Jeremy",
    title = "{Tests of Chameleon Gravity}",
    eprint = "1709.09071",
    archivePrefix = "arXiv",
    primaryClass = "astro-ph.CO",
    doi = "10.1007/s41114-018-0011-x",
    journal = "Living Rev. Rel.",
    volume = "21",
    number = "1",
    pages = "1",
    year = "2018"
}

@article{Carroll:2003wy,
    author = "Carroll, Sean M. and Duvvuri, Vikram and Trodden, Mark and Turner, Michael S.",
    title = "{Is cosmic speed - up due to new gravitational physics?}",
    eprint = "astro-ph/0306438",
    archivePrefix = "arXiv",
    reportNumber = "FERMILAB-PUB-03-263-A, SU-GP-03-6-2",
    doi = "10.1103/PhysRevD.70.043528",
    journal = "Phys. Rev. D",
    volume = "70",
    pages = "043528",
    year = "2004"
}

@article{Armendariz-Picon:2000nqq,
    author = "Armendariz-Picon, C. and Mukhanov, Viatcheslav F. and Steinhardt, Paul J.",
    title = "{A Dynamical solution to the problem of a small cosmological constant and late time cosmic acceleration}",
    eprint = "astro-ph/0004134",
    archivePrefix = "arXiv",
    doi = "10.1103/PhysRevLett.85.4438",
    journal = "Phys. Rev. Lett.",
    volume = "85",
    pages = "4438--4441",
    year = "2000"
}

@article{Carroll:2000fy,
    author = "Carroll, Sean M.",
    title = "{The Cosmological constant}",
    eprint = "astro-ph/0004075",
    archivePrefix = "arXiv",
    reportNumber = "EFI-2000-13",
    doi = "10.12942/lrr-2001-1",
    journal = "Living Rev. Rel.",
    volume = "4",
    pages = "1",
    year = "2001"
}

@article{SupernovaSearchTeam:1998fmf,
    author = "Riess, Adam G. and others",
    collaboration = "Supernova Search Team",
    title = "{Observational evidence from supernovae for an accelerating universe and a cosmological constant}",
    eprint = "astro-ph/9805201",
    archivePrefix = "arXiv",
    doi = "10.1086/300499",
    journal = "Astron. J.",
    volume = "116",
    pages = "1009--1038",
    year = "1998"
}

@article{Will:2014kxa,
    author = "Will, Clifford M.",
    title = "{The Confrontation between General Relativity and Experiment}",
    eprint = "1403.7377",
    archivePrefix = "arXiv",
    primaryClass = "gr-qc",
    doi = "10.12942/lrr-2014-4",
    journal = "Living Rev. Rel.",
    volume = "17",
    pages = "4",
    year = "2014"
}

@article{Westphal:2020okx,
    author = "Westphal, Tobias and Hepach, Hans and Pfaff, Jeremias and Aspelmeyer, Markus",
    title = "{Measurement of gravitational coupling between millimetre-sized masses}",
    eprint = "2009.09546",
    archivePrefix = "arXiv",
    primaryClass = "gr-qc",
    doi = "10.1038/s41586-021-03250-7",
    journal = "Nature",
    volume = "591",
    number = "7849",
    pages = "225--228",
    year = "2021"
}

@article{Sotani:2014tua,
    author = "Sotani, Hajime",
    title = "{Scalar gravitational waves from relativistic stars in scalar-tensor gravity}",
    eprint = "1402.5699",
    archivePrefix = "arXiv",
    primaryClass = "astro-ph.HE",
    reportNumber = "YITP-14-15",
    doi = "10.1103/PhysRevD.89.064031",
    journal = "Phys. Rev. D",
    volume = "89",
    number = "6",
    pages = "064031",
    year = "2014"
}

@article{Barausse:2021pwx,
    author = "Dima, Alexandru and Bezares, Miguel and Barausse, Enrico",
    title = "{Dynamical chameleon neutron stars: Stability, radial oscillations, and scalar radiation in spherical symmetry}",
    eprint = "2107.04359",
    archivePrefix = "arXiv",
    primaryClass = "gr-qc",
    doi = "10.1103/PhysRevD.104.084017",
    journal = "Phys. Rev. D",
    volume = "104",
    number = "8",
    pages = "084017",
    year = "2021"
}

@article{Bezares:2021yek,
    author = "Bezares, Miguel and ter Haar, Lotte and Crisostomi, Marco and Barausse, Enrico and Palenzuela, Carlos",
    title = "{Kinetic screening in nonlinear stellar oscillations and gravitational collapse}",
    eprint = "2105.13992",
    archivePrefix = "arXiv",
    primaryClass = "gr-qc",
    doi = "10.1103/PhysRevD.104.044022",
    journal = "Phys. Rev. D",
    volume = "104",
    number = "4",
    pages = "044022",
    year = "2021"
}

